@book{berg_tymoczko_stryer_stryer_2002, 
    place={New York}, title={Biochemistry}, 
    publisher={W.H. Freeman}, 
    author={Berg, Jeremy M. and Tymoczko, John L. and Stryer, Lubert and Stryer, Lubert}, 
    year={2002}
}

@book{gropper_smith_carr_2018, 
    place={Boston, MA}, 
    title={Advanced nutrition and human metabolism}, 
    publisher={Cengage Learning}, 
    author={Gropper, Sareen S. and Smith, Jack L. and Carr, Timothy P.}, 
    year={2018}
} 
 
@book{miesfeld_mcevoy_2017, 
    title={Biochemistry}, 
    publisher={W W Norton}, 
    author={Miesfeld, Roger L. and McEvoy, Megan M.}, 
    year={2017}
} 
 
@book{vanputte_regan_russo_2019, 
    place={New York, NY}, 
    title={Seeley's essentials of anatomy &amp; physiology}, 
    publisher={McGraw-Hill Education}, 
    author={VanPutte, Cinnamon L. and Regan, Jennifer L. and Russo, Andrew F.}, 
    year={2019}
} 

@article{unger_eisentraut_madison_1963, 
    title={The Effects Of Total Starvation Upon The Levels Of Circulating Glucagon And Insulin In Man*},
    volume={42}, 
    DOI={10.1172/jci104788}, 
    number={7}, 
    journal={Journal of Clinical Investigation}, 
    author={Unger, Roger H. and Eisentraut, Anna M. and Madison, Leonard L.}, 
    year={1963}, 
    pages={1031–1039}
}

@article{dash_li_kim_saidel_cabrera_2008, 
    title={Modeling Cellular Metabolism and Energetics in Skeletal Muscle: Large-Scale Parameter Estimation and Sensitivity Analysis}, 
    volume={55}, 
    DOI={10.1109/tbme.2007.913422}, 
    number={4}, 
    journal={IEEE Transactions on Biomedical Engineering}, 
    author={Dash, Ranjan K. and Li, Yanjun and Kim, Jaeyeon and Saidel, Gerald M. and Cabrera, Marco E.}, 
    year={2008}, 
    pages={1298–1318}
} 

@article{yasemi_jolicoeur_2021, 
    title={Modelling cell metabolism: A review on constraint-based steady-state and kinetic approaches}, 
    volume={9}, 
    DOI={10.3390/pr9020322}, 
    number={2}, 
    journal={Processes}, 
    author={Yasemi, Mohammadreza and Jolicoeur, Mario},
    year={2021}, 
    pages={322}
} 

@article{sorensen_1978, 
    title={A physiological model of glucose metabolism in man and its use to design and assess improved insulin therapies for diabetes}, 
    author={Sorensen, John Thomas}, 
    url={https://dspace.mit.edu/handle/1721.1/15234},
    year={1978}
} 

@article{panunzi_pompa_borri_piemonte_gaetano_2020, 
    title={A revised Sorensen model: Simulating glycemic and insulinemic response to oral and intra-venous glucose load}, 
    volume={15}, 
    DOI={10.1371/journal.pone.0237215},
    number={8}, journal={Plos One},
    author={Panunzi, Simona and Pompa, Marcello and Borri, Alessandro and Piemonte, Vincenzo and Gaetano, Andrea De}, 
    year={2020}
}

 @article{yaffe_1980A,
	author = {Yaffe, Steven and Gold, Armand and Sampugna, Joseph},
	doi = {10.1093/jn/110.12.2490},
	journal = {The Journal of Nutrition},
	number = {12},
	pages = {2490--2496},
	title = {{Effects of Prolonged Starvation on Plasma Free Fatty Acid Levels and Fatty Acid Composition of Myocardial Total Lipids in the Rat}},
	volume = {110},
	year = {1980}
}

@article{klok_jakobsdottir_drent_2006, 
    title={The role of leptin and ghrelin in the regulation of food intake and body weight in humans: a review}, 
    volume={8}, 
    DOI={10.1111/j.1467-789x.2006.00270.x}, 
    number={1}, journal={Obesity Reviews}, 
    author={Klok, M. D. and Jakobsdottir, S. and Drent, M. L.}, 
    year={2006}, 
    month={Aug}, 
    pages={21–34}
}

@book{derendorf_schmidt_rowland_tozer_2020, 
    place={Philadelphia},
    title={Rowland and Tozer's clinical pharmacokinetics and Pharmacodynamics: Concepts and applications},
    publisher={Wolters Kluwer}, 
    author={Derendorf, Hartmut and Schmidt, Stephan and Rowland, Malcolm and Tozer, Thomas N.},
    year={2020}
} 
 
@article{kim_saidel_cabrera_2006, 
    title={Multi-Scale computational model of Fuel Homeostasis during exercise: Effect of hormonal control}, 
    volume={35}, 
    DOI={10.1007/s10439-006-9201-x}, 
    number={1}, 
    journal={Annals of Biomedical Engineering}, 
    author={Kim, Jaeyeon and Saidel, Gerald M. and Cabrera, Marco E.}, 
    year={2006}, 
    pages={69–90}
} 